@inproceedings{locproof,
  title={Who, When, and Where? Location Proof Assertion for Mobile Devices},
  author={Khan, Rasib and Zawoad, Shams and Haque, Md Munirul and Hasan, Ragib},
  booktitle={IFIP Annual Conference on Data and Applications Security and Privacy},
  pages={146-162},
  year={2014},
  organization={Springer}
}

@misc{droidstats,
title={Android Statistics Dashboard},
howpublished={- https://developer.android.com/about/dashboards/index.html},
note={Pristupano: 2017-09-01}
},

@book{coskun,
place={Chichester, West Sussex},
title={Professional NFC application development for Android},
publisher={John Wiley & Sons},
author={Coskun, Vedat and Ok, Kerem and Ozdenizci, Busra},
year={2013}
},

@book{bruces,
place={Cambridge},
title={Shaping things},
publisher={The MIT Press},
author={Sterling, Bruce and Wild, Lorraine},
year={2005}
}

@misc{nfcforecast,
howpublished={- https://www.nfcworld.com/2014/02/12/327790/two-three-phones-come-nfc-2018/},
title={NFC World - Adoption Statistics},
year={2014},
note={Pristupano: 2017-09-11}
}

@misc{gdpr,
author = {EU},
booktitle = {Official Journal of the European Union},
mendeley-groups = {ETF/Logit},
number = {4.5.2016},
pages = {88},
title = {{Uredba (EU) 2016/679 Europskog parlamenta i Vije{\'{c}}a od 27. travnja 2016. o za{\v{s}}titi pojedinaca u vezi s obradom osobnih podataka i o slobodnom kretanju takvih podataka te o stavljanju izvan snage Direktive 95/46/EZ (Op{\'{c}}a uredba o za{\v{s}}titi podataka)}},
url = {http://data.europa.eu/eli/reg/2016/679/oj},
volume = {L 119},
year = {2016}
}

@article{Cahill2003,
abstract = {The SECURE project investigates the design of security mechanisms for pervasive computing based on trust. It addresses how entities in unfamiliar pervasive computing environments can overcome initial suspicion to provide secure collaboration.},
author = {Cahill, Vinny and Gray, Elizabeth and Seigneur, Jean Marc and Jensen, Christian D. and Chen, Yong and Shand, Brian and Dimmock, Nathan and Twigg, Andy and Bacon, Jean and English, Colin and Wagealla, Waleed and Terzis, Sotirios and Nixon, Paddy and {Di Marzo Serugendo}, Giovanna and Bryce, Ciar{\'{a}}n and Carbone, Marco and Krukow, Karl and Nielsen, Mogens},
doi = {10.1109/MPRV.2003.1228527},
isbn = {1536-1268},
issn = {15361268},
journal = {IEEE Pervasive Computing},
mendeley-groups = {ETF/Logit},
number = {3},
pages = {52--61},
title = {{Using trust for secure collaboration in uncertain environments}},
volume = {2},
year = {2003}
}

@book{Searle1995,
  title={The construction of social reality},
  author={Searle, John R and Willis, S and others},
  year={1995},
  publisher={Simon and Schuster}
}

@article{iso2013iso,
  title={ISO/IEC 27001: 2013},
  author={ISO/IEC},
  journal={Information Technology-Security Techniques-Information Security Management Systems-Requirements},
  year={2013},
  publisher={International Organization for Standardization}
}

@article{knuth1992literate,
  title={Literate Programming, 1992},
  author={Knuth, Donald E},
  journal={Center for the Study of Language and Information, ISBN},
  pages={978--0937073803},
  year={1992}
}